%-------------------------------------------------------------------------------
%                参考文献
%-------------------------------------------------------------------------------


@article{1,
  title={基于大数据分析的造纸企业仓储物流系统设计[J]},
  author={周小平},
  journal={造纸科学与技术},
  volume={01},
  pages={50-55},
  year={2022},
  publisher={DOI:10.19696/j.issn1671-4571.2022.1.009.}
}

@article{2,
  title={大数据分析在物流管理和运营的研究与应用[J]},
  author={吴蓉蓉},
  journal={中国物流与采购},
  volume={15},
  pages={76-78},
  year={2021},
  publisher={DOI:10.16079/j.cnki.issn1671-6663.2021.15.045.}
}

